@book{ifag,
    publisher   = {Institut für Arbeitsschutz der Deutschen 
    Gesetzlichen Unfallversicherung},
    title       = {Global Harmonisiertes System zur Einstufung 
    und Kennzeichnung von Chemikalien - Grundlagen},
    year        = {2011},
    keywords    = {presentation}
}

@book{ifaa,
    publisher   = "Institut für Arbeitsschutz der Deutschen 
    Gesetzlichen Unfallversicherung",
    title       = "Global Harmonisiertes System zur Einstufung 
    und Kennzeichnung von Chemikalien - Die wichtigsten Änderungen 
    durch GHS",
    year        = "2011",
    keywords    = "presentation"
}

@book{dguv,
    publisher   = "Deutschen Gesetzliche Unfallversicherung",
    title       = "GHS - Global Harmonisiertes System zur Einstufung 
    und Kennzeichnung von Gefahrenstoffen",
    year        = "2010",
    keywords    = "presentation"
}

@book{bgw,
    publisher   = "Berufsgenossenschaft für Gesundheitsdienst und 
    Wohlfahrtspflege",
    title       = "Die 28 Gefahrenklassem im Global Harmonisierten System 
    (GHS) - Infomaterial",
    year        = "2015",
    keywords    = "presentation"
}

@book{baua,
    publisher   = "Bundesanstalt für Arbeitsschutz und Arbeitsmedizin",
    title       = "Gefahren- und Sicherheitshinweise",
    year        = "2010",
    keywords    = "presentation"
}

@book{fzp,
    publisher = "Funk, Zander \& Partner -- Intern",
    title     = "IST--Aufnahme und Soll--Konzept",
    year      = "2015",
    keywords  = "buch"
}

@online{ERP,
     author    = {Wikipedia},
     title     = {{Enterprise-Resource-Planning}},
     url       = {http://goo.gl/DpcRfs},
     urldate   = {2015-05-21},
     keywords  = {internet}
}

@online{gebinde,
     author    = {Wikipedia},
     title     = {{Gebinde}},
     url       = {http://goo.gl/h5vXby},
     urldate   = {2015-05-03},
     keywords  = {internet}
}

@online{bgwetikett,
     author    = {Berufsgenossenschaft für Gesundheitsdienst und Wohlfahrtspflege},
     title     = {{Aufbau GHS Etikett}},
     url       = {http://goo.gl/RUsfk6},
     urldate   = {2015-05-12},
     keywords  = {internet}
}

@online{mssql,
    author     = {Wikipedia},
    title      = {{SQL}},
    url        = {http://goo.gl/8l159Z},
    urldate    = {2015-05-19},
    keywords   = {internet}
}

@online{sage,
    author     = {Sage Software GmbH},
    title      = {{Unternehmensprofil}},
    url        = {http://goo.gl/prsgRf},
    urldate    = {2015-06-19},
    keywords   = {internet}
}

@online{dll,
    author     = {Wikipedia},
    title      = {{Dynamic Link Library}},
    url        = {http://goo.gl/ypAedC},
    urldate    = {2015-06-19},
    keywords   = {internet}
}

@online{framework,
    author     = {ITWissen},
    title      = {{Framework}},
    url        = {http://goo.gl/73X8sG},
    urldate    = {2015-06-19},
    keywords   = {internet}
}

@online{devexpress,
    author     = {Developer Express Inc.},
    title      = {{WinForms Controls}},
    url        = {https://goo.gl/usW5mP},
    urldate    = {2015-06-22},
    keywords   = {internet}
}

@online{coll,
    author     = {Microsoft},
    title      = {{KeyedCollection(Of TKey, TItem)-Klasse}},
    url        = {https://goo.gl/4zmbtI},
    urldate    = {2015-06-24},
    keywords   = {internet}
}
